@ARTICLE{Coase1974,
	author = {Coase, Ronald H},
	title = {The Market for Goods and the Market for Ideas},
	journal = {The American Economic Review},
	year = {1974},
	volume = {64},
	number = {2},
	pages = {384--391},
}

@INCOLLECTION{deFinetti1937,
	author = {de Finetti, Bruno},
	title = {Foresight: Its Logical Laws, Its Subjective Sources},
	booktitle = {Studies in Subjective Probability},
	year = {1937},
	pages = {53--118},
	publisher = {Robert Krieger},
}

@ARTICLE{Hayek1945,
	author = {Hayek, F A},
	title = {The Use of Knowledge in Society},
	journal = {The American Economic Review},
	year = {1945},
	volume = {35},
	number = {4},
	pages = {519--530},
}

@INCOLLECTION{Nau1999,
	author = {Nau, Robert},
	title = {Arbitrage, Incomplete Models, and Other People's Brains},
	booktitle = {Beliefs, Interactions, and Preferences in Decision Making},
	year = {1999},
	publisher = {Kluwer Academic Publishers},
}

@ARTICLE{NauMcCardle1991,
	author = {Robert Nau and Kevin McCardle},
	title = {Arbitrage, Rationality, and Equilibrium},
	journal = {Theory and Decisions},
	year = {1991},
	volume = {31},
	pages = {199--240},
}

@ARTICLE{Scarf1990,
	author = {Scarf, Herbert E},
	title = {Mathematical Programming and Economic Theory},
	journal = {Operations Research},
	year = {1990},
	volume = {38},
	number = {3},
	pages = {377--385},
}

@BOOK{Sowell1996,
	author = {Sowell, Thomas},
	title = {Knowledge and Decisions},
	publisher = {Basic Books},
	year = {1996},
}

@BOOK{DutchBook1999,
	title = {Dutch Book Theorem},
	title = {The Cambridge Dictionary of Philosophy},
	publisher = {Cambridge University Press},
	year = {1999},
}
	
